@inreference{mw:computer,
  author    = {Merriam-Webster},
  title     = {computer},
  booktitle = {Merriam-Webster.com dictionary},
  url       = {https://www.merriam-webster.com/dictionary/computer},
  urldate   = {2022-11-21},
}